@article{Amiriparian,
  author = {Shahin Amiriparian and Maurice Gerczuk and Sandra Ottl and Nicholas Cummins and Michael Freitag and Sergey Pugachevskiy and Alice Baird and Bjorn Schuller},
  title  = {Snore Sound Classification Using Image-based Deep Spectrum Features},
  year   = 2017
}

@article{Eguino,
  author = {Miguel Flores Ruiz de Eguino},
  title  = {Deep Music Genre}
}

@article{Kozakowski,
  author = {Piotr Kozakowski and Bartosz Michalak},
  title  = {Music Genre Recognition},
  note = {\url{http://deepsound.io/music_genre_recognition.html}},
  year   = 2016
}

@article{Liu,
author = {Xin Liu and Qingcai Chen and Xiangping Wu and Yan Liu and Yang Liu},
title = {CNN BASED MUSIC EMOTION CLASSIFICATION},
year = 2017
}

@misc{Ravdess,
author= {Livingstone SR and Russo FA},
title = {The Ryerson Audio-Visual Database of Emotional Speech and Song (RAVDESS): A dynamic, multimodal set of facial and vocal expressions in North American English. PLoS ONE 13(5): e0196391},
note = {\url{https://doi.org/10.1371/journal.pone.0196391}},
year = 2018
}

@article{CAL500,
title = {Semantic annotation and retrieval of music and sound effects},
author = {Turnbull and Douglas and Barrington and Luke and Torres and David and Lanckriet and Gert},
journal = {Audio, Speech and Language Processing, IEEE Transactions on},
volume = 16,
number = 2, 
pages = {467--476},
year = 2008
}